
@book{Albon2018,
	author={Chris Albon},
	title={Machine Learning with Python Cookbook},
	year={2018},
	publisher={O'Reilly}
}
                  
@article{AngrKrue01,
  title={Instrumental variables and the search for identification: From supply and demand to natural experiments},
  author={Angrist, Joshua D and Krueger, Alan B},
  journal={Journal of Economic perspectives},
  volume={15},
  number={4},
  pages={69--85},
  year={2001}
}

@techreport{AngrImbe95,
  title={Identification and estimation of local average treatment effects},
  author={Angrist, Joshua D and Imbens, Guido W},
  year={1995},
  institution={National Bureau of Economic Research}
}

@article{BARTRP,
  title={{Nonparametric Machine Learning and Efficient Computation with Bayesian Additive Regression Trees: the BART R Package}},
  author={Sparapani, R and Spanbauer, C and McCulloch, R},
  journal={Journal of Statistical Software},
  volume={97},
  number={1},
  pages = {1-66},
  year={2021},
  doi={10.18637/jss.v097.i01}
}

@article{BCF,
  title={Bayesian regression tree models for causal inference: regularization, confounding, and heterogeneous effects},
  author={Hahn, P Richard and Murray, Jared S and Carvalho, Carlos M},
  journal={Bayesian Analysis},
  year={2020},
  publisher={International Society for Bayesian Analysis}
}

@book{BowdTurk90,
  title={Instrumental variables},
  author={Bowden, Roger J and Turkington, Darrell A},
  volume={8},
  year={1990},
address={Cambridge, England},
  publisher={Cambridge University Press}
}

@TechReport{Card93,
	author={David Card},
	year={1993},
	title={Using Geographic Variation in College Proximity to Estimate the Return to Schooling},
  institution =  {National Bureau of Economic Research},
  number = 	 {NBER Working Paper No. 4483},
  note = 	 {\url{https://www.nber.org/papers/w4483}}
}

@article{Card95,
	author={David Card},
	year={1995},
	title={Using geographic variation in college proximity to estimate the return to schooling},
	journal={In: Christofides, L.N., Swidinsky, R.  (Eds.), Aspects of Labor Market Behavior: Essays in Honor of John Vanderkamp},
	pages={201-222}
}

@book{CART1993,
	author={Leo Brieman and Jerome Friedman and Richard Olshen and Charles Stone},
	title={Classification and Regression Trees},
	year={1993},
	publisher={Chapman \& Hall}
}

@article{ChipGeor10,
        title={{BART: Bayesian additive regression trees}},
        author={Chipman, H.A. and George, E.I. and McCulloch, R.E.},
        journal={The Annals of Applied Statistics},
        volume={4},
        number={1},
        pages={266--298},
        year={2010},
        publisher={Institute of Mathematical Statistics}
}

@article{CHMR08,
	author={Timothy Conley and Christian Hansen and Robert McCulloch and Peter Rossi},
	year={2008},
	title={A semi-parametric {B}ayesian approach to the instrumental variable problem},
	journal={Journal of Econometrics},
	pages={276-305},
	volume={144}
}

@book{DeyEtal,
	title={Practical Nonparametric and Semiparametric {B}ayesian Statistics},
	author={Dipak Dey and Peter Muller and Debajyoti Sinha},
	year={1998},
	publisher={Springer}
}

@article{DPMBART,
  title={{Fully nonparametric Bayesian Additive Regression Trees}},
  author={George, Edward and Laud, Purushottam and Logan, Brent and McCulloch, Robert and Sparapani, Rodney},
  journal={Topics in Identification, Limited Dependent Variables, Partial Observability, Experimentation, and Flexible Modeling: Part B (Advances in Econometrics)},
  volume={40},
  pages={89--110},
  year={2019}
}

@book{efron_hastie_2016, 
	place={Cambridge}, 
	series={Institute of Mathematical Statistics Monographs}, 
	title={Computer Age Statistical Inference: Algorithms, Evidence, and Data Science}, 
	DOI={10.1017/CBO9781316576533}, 
	publisher={Cambridge University Press}, 
	author={Efron, Bradley and Hastie, Trevor}, 
	year={2016}, 
	collection={Institute of Mathematical Statistics Monographs}}

@article{EW95,
	author={Michael Escobar and Mike West},
	title={Bayesian Density Estimation and Inference Using Mixtures},
	journal={Journal of the American Statistical Association},
	year={1995},
	volume={90},
	number={430},
	pages={577-588}
}

@article{Ferg73,
	author={Thomas S. Ferguson},
	year={1973},
	title={A {B}ayesian analysis of some nonparametric problems},
	journal={The Annals of Statistics},
	pages={209-230},
	volume={1},
	number={2}	
}

@article{Fre:Sch:1997,
  author= {Yoav Freund and Robert E. Schapire},
  title = {A decision-theoretic generalization of on-line learning and an application to boosting},
  year = {1997},
  journal = {Journal of Computer and System Sciences},
  volume =  55,
  pages = {119--139}
}

@article{Fri:2001,
  author = {Jerome H Friedman},
  title = {Greedy Function Approximation: A Gradient Boosting Machine},
  year = {2001},
  journal = {The Annals of Statistics},
  volume = 29,
  pages = {1189--1232}
}

@Article{GelfSmit90,
  title = {Sampling-Based Approaches to Calculating Marginal Densities},
  author = {Alan E Gelfand and Adrian FM Smith},
  journal = {Journal of the American Statistical Association},
  volume = {85},
  number = {410},
  pages = {398--409},
  year = {1990},
  publisher = {Taylor \& Francis Group},
  doi = {10.1080/01621459.1990.10476213},
}

@article{HaMuCa2018,
	author={Richard Hahn and Jared Murray and Carlos Carvalho},
	journal={arXiv:1706.09523v2},
	year={2018},
	title={Bayesian regression tree models for causal inference: regularization, confounding, and heterogeneous effects}
}

@book{Hastie:etal:2008,
  title={The Elements of Statistical Learning (2nd Edition)},
  author={T.~Hastie and R.~Tibshirani and J.~Friedman},
  year={2008},
  publisher={Springer}
}

@book{HTF2009,
	author={Trevor Hastie and Robert Tibshirani and Jerome Friedman},
	title={The Elements of Statistical Learning},
	year={2009},
        publisher={Spring}
}

@article{ImbeAngr94,
  title={Identification and estimation of local average treatment effects},
  author={Imbens, Guido W and Angrist, Joshua D},
  year={1994},
  journal={Econometrica},
	pages={467-475},
	volume={62},
	number={2}
}

@article{ImbeRubi97,
  title={Bayesian inference for causal effects in randomized experiments with noncompliance},
  author={Imbens, Guido W and Rubin, Donald B},
  journal={The annals of statistics},
  pages={305--327},
  year={1997},
  publisher={JSTOR}
}

@article{IshwJame01,
	author={Hemant Ishwaran and Lancelot F. James},
	year={2001},
	title={Gibbs sampling methods for stick-breaking priors},
	journal={Journal of the American Statistical Association},
	volume={96},
	number={453},
	pages={161-173}
}

@article{LaLo86,
  title={Evaluating the econometric evaluations of training programs with experimental data},
  author={LaLonde, Robert J},
  journal={The American economic review},
  pages={604--620},
  year={1986},
  publisher={JSTOR}
}

@book{Lantz2015,
	author={Brett Lantz},
	title={Machine Learning with R},
	year={2015},
	publisher={PACKT}
}

@book{MQJH15,
	title={Bayesian Nonparametric Data Analysis},
	author={Peter Muller and Fernando Quintana and Alejandro Jara and Tim Hanson},
	year={2015},
	publisher={Springer}
}

@article{Neal00,
	author={Radford M. Neal},
	year={2000},
	title={Markov chain sampling methods for {D}irichlet process mixture models},
	journal={Journal of Computational and Graphical Statistics},
	volume={9},
	number={2},
	pages={249-265}
}

@book{Pear09,
  title={Causality},
  author={Pearl, Judea},
  year={2009},
  publisher={Cambridge University Press}
}

@book{Poirier95,
	author={Dale Poirier},
	title={Intermediate Statistics and Econometrics, A Comparitive Approach},
	year={1995},
	publisher={MIT}
}

@book{Poirier07,
	author={Garry Koop and Dale J. Poirier and Justing Tobias},
	title={Bayesian Econometric Methods},
	year={2007},
	publisher={Cambridge University Press}
}

@article{Pratola:2016,
        author={M.~T.~Pratola},
        title={Efficient Metropolis-Hastings Proposal Mechanisms for {B}ayesian Regression Tree Models},
        year={2016},
        journal={Bayesian Analysis},
        volume={11},
        pages={885--911}
}

@book{RecPart2010,
	author={Heping Zhang and Burton Singer},
	title={Recursive Partitioning and Applications},
	year={2010},
	publisher={Springer}
}

@Manual{RENV,
    title = {R: A Language and Environment for Statistical Computing},
    author = {{R Core Team}},
    organization = {R Foundation for Statistical Computing},
    address = {Vienna, Austria},
    year = {2018},
    url = {https://www.R-project.org/},
  }

@book{RossAlle05,
  title={Bayesian statistics and marketing},
  author={Rossi, Peter E and Allenby, Greg M and McCulloch, Rob},
  year={2005},
  publisher={John Wiley \& Sons}
}

@book{ROSSI14,
	title={Bayesian Non- and Semi-parametric Methods and Applications},
	author={Peter Rossi},
	year={2014},
	publisher={Princeton}
}

  @Manual{RPbayesm,
    title = {bayesm: Bayesian Inference for Marketing/Micro-Econometrics},
    author = {Peter Rossi},
    year = {2019},
    note = {R package version 3.1-4},
    url = {https://CRAN.R-project.org/package=bayesm},
  }

@book{SchaFreu2012,
	author={Robert E. Schapire and Yoav Freund},
	title={Boosting},
	year={2012},
	publisher={The MIT Press},
}

@article{ShiMart17,
	year={2017},
	author={Yushu Shi and Michael Martens and Anjishnu Banerjee and Purushottam Laud},
	title={Low Information Omnibus Priors for {D}irichlet Process Mixture Models},
        journal= {Technical Report No. 65 at www.mcw.edu/Biostatistics/Research/Technical-Reports.htm}
}

@article{Thei53,
  title={Repeated least squares applied to complete equation systems},
  author={Theil, Henri},
  journal={The Hague: Central Planning Bureau},
  year={1953}
}

@article{Var14,
	author={Hal R. Varian},
	title={Big Data: New Tricks for Econometrics},
	journal={Journal of Economic Perspectives},
	year={2014},
	volume={28},
	pages={3-28},
	number={2}
}

@book{Wrig28,
  title={Tariff on animal and vegetable oils},
  author={Wright, Philip G},
  year={1928},
  publisher={Macmillan Company, New York}
}

@TechReport{Youn19,
  title={Consistency without inference: instrumental variables in practical application},
institution={London School of Economics working paper},
  author={Young, A},
  optnote={\url{https://sticerd.lse.ac.uk/seminarpapers/dg20112017.pdf}},
url={https://hdl.handle.net/10657/4338},
  year={2019}
}


